@book{example,
	author = {Author, R. Balakrishnan â€¢ K. Ranganathan},
	title = {A Textbook of Graph Theory},
	year = {2012},
	publisher = {Springer(Second Edition)},
}

@article{another,
	author = {FELIX GOTTI},
	title = {COMBINATORIAL ANALYSIS},
	journal = {Department of Mathematics ,Massachusetts Institute of Technology},
}
